@ARTICLE{Lukas_2006,
 author = {Jan Lukáš and Jessica Fridrich and Miroslav Goljan},
 title = {Digital camera identification from sensor pattern noise},
 journal = {IEEE Transactions on Information Forensics and Security},
 year = {2006},
 volume = {1},
 pages = {205--214},
 number = {2}
}

@INPROCEEDINGS{Xu_2012,
 author = {Guanshuo Xu and Yun Qing Shi},
 title = {Camera Model Identification Using Local Binary Patterns}, 
 booktitle = {Proceedings of the 2012 IEEE International Conference on Multimedia and Expo},
 year = {2012},
 pages = {392--397},
 address = {Melbourne, VIC, Australia}
}

@INPROCEEDINGS{Bo_2009,
 author = {Bo Wang and Yiping Guo and Xiangwei Kong and Fanjie Meng},
 title = {Source Camera Identification Forensics Based on Wavelet Features}, 
 booktitle = {Proceedings of the. 2009 Fifth International Conference on. Intelligent Information Hiding and. Multimedia Signal Processing},
 year = {2009},
 pages = {702--705},
 address = {Kyoto, Japan}
}

@INPROCEEDINGS{Tomas_2008,
 author = {Tomas Filler and Jessica Fridrich and Miroslav Goljan},
 title = {Using sensor pattern noise for camera model identification}, 
 booktitle = {Proceedings of the 2008 15th IEEE International Conference on Image Processing},
 year = {2008},
 pages = {1296--1299},
 address = {San Diego, CA, USA }
}

@INPROCEEDINGS{,
 author = {S. Bayram and H. Sencar and N. Memon and I. Avcibas},
 title = {Source camera identification based on cfa interpolation}, 
 booktitle = {Proc. of IEEE Intl. Conference on Image Processing},
 year = {2005},
 pages = {69--72},
 address = {Genova, Italy }
}